<record><leader>00000cas a22000007a 4500</leader><controlfield tag="001">12849796</controlfield><controlfield tag="008">851126d18701870nyudn ne      0    0spa  </controlfield><datafield ind1=" " ind2=" " tag="010"><subfield code="a">sn 85042777 </subfield></datafield><datafield ind1=" " ind2=" " tag="040"><subfield code="a">DLC</subfield><subfield code="b">eng</subfield><subfield code="c">DLC</subfield><subfield code="d">PPM</subfield><subfield code="d">YOX</subfield><subfield code="d">OCLCQ</subfield><subfield code="d">KRTAS</subfield><subfield code="d">OCLCO</subfield><subfield code="d">OCLCF</subfield><subfield code="d">OCLCO</subfield></datafield><datafield ind1="1" ind2=" " tag="029"><subfield code="a">AU@</subfield><subfield code="b">000024686070</subfield></datafield><datafield ind1=" " ind2=" " tag="042"><subfield code="a">msc</subfield></datafield><datafield ind1="0" ind2="0" tag="050"><subfield code="a">Newspaper 8939</subfield></datafield><datafield ind1="0" ind2=" " tag="130"><subfield code="a">Democrata (New York, N.Y.)</subfield></datafield><datafield ind1="0" ind2="3" tag="245"><subfield code="a">El Democrata.</subfield></datafield><datafield ind1="1" ind2="3" tag="246"><subfield code="a">Demo&#769;crata</subfield></datafield><datafield ind1=" " ind2=" " tag="250"><subfield code="a">[Cuban ed.].</subfield></datafield><datafield ind1=" " ind2=" " tag="260"><subfield code="a">Nueva York, [N.Y. :</subfield><subfield code="b">s.n.],</subfield><subfield code="c">1870.</subfield></datafield><datafield ind1=" " ind2=" " tag="300"><subfield code="a">1 v. ;</subfield><subfield code="c">44 cm.</subfield></datafield><datafield ind1=" " ind2=" " tag="310"><subfield code="a">Daily (except Sun.)</subfield></datafield><datafield ind1="0" ind2=" " tag="362"><subfield code="a">An&#771;o 1, no. 89 (29 de agosto de 1870)-an&#771;o 1, no. 185 (20 de dec. de 1870).</subfield></datafield><datafield ind1=" " ind2=" " tag="546"><subfield code="a">In Spanish.</subfield></datafield><datafield ind1=" " ind2=" " tag="580"><subfield code="a">Published in an English ed. called: Democrat (New York, N.Y. : 1868).</subfield></datafield><datafield ind1=" " ind2="0" tag="650"><subfield code="a">Cubans</subfield><subfield code="z">United States</subfield><subfield code="v">Newspapers.</subfield></datafield><datafield ind1=" " ind2="0" tag="650"><subfield code="a">Cuban Americans</subfield><subfield code="v">Newspapers.</subfield></datafield><datafield ind1=" " ind2="0" tag="650"><subfield code="a">Hispanic Americans</subfield><subfield code="v">Newspapers.</subfield></datafield><datafield ind1=" " ind2="4" tag="651"><subfield code="a">New York (N.Y.)</subfield><subfield code="v">Newspapers.</subfield></datafield><datafield ind1=" " ind2="7" tag="655"><subfield code="a">Newspapers.</subfield><subfield code="2">fast</subfield><subfield code="0">(OCoLC)fst01423814</subfield></datafield><datafield ind1=" " ind2="7" tag="650"><subfield code="a">Cuban Americans.</subfield><subfield code="2">fast</subfield><subfield code="0">(OCoLC)fst00884777</subfield></datafield><datafield ind1=" " ind2="7" tag="650"><subfield code="a">Cubans.</subfield><subfield code="2">fast</subfield><subfield code="0">(OCoLC)fst00884834</subfield></datafield><datafield ind1=" " ind2="7" tag="650"><subfield code="a">Hispanic Americans.</subfield><subfield code="2">fast</subfield><subfield code="0">(OCoLC)fst00957523</subfield></datafield><datafield ind1=" " ind2="7" tag="651"><subfield code="a">United States.</subfield><subfield code="2">fast</subfield><subfield code="0">(OCoLC)fst01204155</subfield></datafield><datafield ind1=" " ind2=" " tag="752"><subfield code="a">United States</subfield><subfield code="b">New York</subfield><subfield code="c">New York</subfield><subfield code="d">New York.</subfield></datafield><datafield ind1="1" ind2=" " tag="775"><subfield code="t">Democrat (New York, N.Y. : 1868)</subfield><subfield code="w">(DLC)sn 83030110</subfield></datafield><datafield ind1="0" ind2="0" tag="780"><subfield code="t">Democrata de Nueva York</subfield><subfield code="w">(DLC)sn 85042780</subfield></datafield><datafield ind1=" " ind2=" " tag="938"><subfield code="a">Kirtas Technologies, Inc.</subfield><subfield code="b">KRTS</subfield><subfield code="n">739474</subfield></datafield></record>